@article{WirelessPickPocket,
	author = "Flavio D. Garcia and Peter van Rossum and Roel Verdult and Ronny Wichers Schreur",
	title = "Wirelessly Pickpocketing a Mifare Classic Card",
	journal = "IEEE Symposium on Security and Privacy",
	year = "2009",
	number = "30"
}

@misc{website:Polynomials,
	author = "Richard Tervo",
	title = "Polynomial Factors (2..127)",
	month = "September",
	year = "1998",
	howpublished = {\url{http://www.ee.unb.ca/tervo/ee4253/polytable.shtml}}
}
